
@inproceedings{Schmidt-ICFA,
  author    = {R. Schmidt and R. W. ASSmann and H. Burkhardt and E. Carlier and B. Dehning and B. Goddard and J. B. Jeanneret and V. Kain and B. Puccio and J. Wenninger},
  title     = {{``Beam Loss Scenarios and Strategies for Machine Protection at the LHC"}},
  booktitle = {Proceedings of the 29th ICFA Advanced Beam Dynamics Workshop on Beam-Halo Dynamics, Diagnostics and Collimation},
  year      = {2003},
  pages     = {184-187}
}


@inproceedings{Dehning-IPAC,
  author    = {B. Dehning},
  title     = {{``Beam loss monitoring system for machine protection"}},
  booktitle = {Proceedings of the 7th European Workshop on Beam Diagnostics and Instrumentation for Particle Accelerators},
  year      = {2005},
  pages     = {117-121}
}


@inproceedings{Chris-FPGA,
  author    = {C. Zamantzas and  B. Dehning and E. Effinger and J. Emery and G. Ferioli },
  title     = {{``An FPGA Based Implementation for Real-Time Processing of the LHC Beam Loss Monitoring System's Data"}},
  booktitle = {IEEE Nuclear Science Symposium Conference Record},
  year      = {2006},
  pages     = {950-954}
}

@unpublished{Isabelle,
  author   = {Larry Paulson and
              Tobias Nipkow and
              Makarius Wenzel},
  title    = {Isabelle manuals},
  note     = {\url{http://www.cl.cam.ac.uk/research/hvg/Isabelle/index.html}},
  year     = {2009}
}

@unpublished{HOL4,
    author = {Michael Norrish and
              Konrad Slind},
    title  = {{HOL4} Manuals},
    note   = {\url{http://hol.sourceforge.net}},
    year   = {1998}
}

@unpublished{ProofPower,
    author = {Rob Arthan},
    title  = {{ProofPower} Manuals},
    note   = {\url{http://lemma-one.com/ProofPower/index/index.html}},
    year   = {2004}
}

@unpublished{HOLLight,
    author = {John Harrison},
    title  = {{HOL Light} Manuals},
    note   = {\url{http://www.cl.cam.ac.uk/~jrh13/hol-light}},
    year   = {2010}
}

@unpublished{PVS,
    author = {Sam Owre and
              Natarajan Shankar and
              John Rushby and
              Dave Stringer-Calvert},
    title  = {{PVS} Manuals},
    note   = {\url{http://pvs.csl.sri.com}},
    year   = {2010}
}

@unpublished{Coq,
    author = {Thierry Coquand and
              G{\'e}rard Huet},
    title  = {{Coq} Manuals},
    note   = {\url{http://coq.inria.fr}},
    year   = {2010}
}

@techreport{rushby,
    author = {J. Rushby},
    title = {{``Formal Methods and the Certification of Critical systems''}},
    institution = {SRI International},
        type = {CSL Technical Report},
    number = {93-7},
    month = {December},
    year = {1993}
}

@inproceedings{DBLP:conf/tphol/SlindN08,
  author    = {Konrad Slind and
               Michael Norrish},
  title     = {A Brief Overview of {HOL4}},
  booktitle = {TPHOLs},
  year      = {2008},
  pages     = {28-32},
  ee        = {http://dx.doi.org/10.1007/978-3-540-71067-7_6},
  crossref  = {DBLP:conf/tphol/2008},
  bibsource = {DBLP, http://dblp.uni-trier.de}
}

@proceedings{DBLP:conf/tphol/2008,
  editor    = {Otmane A\"{\i}t Mohamed and
               C{\'e}sar Mu{\~n}oz and
               Sofi{\`e}ne Tahar},
  title     = {Theorem Proving in Higher Order Logics, 21st International
               Conference, TPHOLs 2008, Montreal, Canada, August 18-21,
               2008. Proceedings},
  booktitle = {TPHOLs},
  publisher = {Springer},
  series    = {Lecture Notes in Computer Science},
  volume    = {5170},
  year      = {2008},
  isbn      = {978-3-540-71065-3},
  bibsource = {DBLP, http://dblp.uni-trier.de}
}

@article{DBLP:journals/jsyml/Church40,
  author    = {Alonzo Church},
  title     = {A Formulation of the Simple Theory of Types},
  journal   = {J. Symb. Log.},
  volume    = {5},
  number    = {2},
  year      = {1940},
  pages     = {56-68},
  ee        = {http://projecteuclid.org/euclid.jsl/1183387805},
  bibsource = {DBLP, http://dblp.uni-trier.de}
}

@techreport{Milner:1972:LCF:891954,
 author = {Milner, Robin},
 title = {Logic for Computable Functions: description of a machine implementation.},
 year = {1972},
 source = {http://www.ncstrl.org:8900/ncstrl/servlet/search?formname=detail\&id=oai%3Ancstrlh%3Astan%3ASTAN%2F%2FCS-TR-72-288},
 publisher = {Stanford University},
 address = {Stanford, CA, USA},
}

@inproceedings{DBLP:conf/tphol/Harrison09a,
  author    = {John Harrison},
  title     = {HOL Light: An Overview},
  booktitle = {TPHOLs},
  year      = {2009},
  pages     = {60-66},
  ee        = {http://dx.doi.org/10.1007/978-3-642-03359-9_4},
  crossref  = {DBLP:conf/tphol/2009},
  bibsource = {DBLP, http://dblp.uni-trier.de}
}

@proceedings{DBLP:conf/tphol/2009,
  editor    = {Stefan Berghofer and
               Tobias Nipkow and
               Christian Urban and
               Makarius Wenzel},
  title     = {Theorem Proving in Higher Order Logics, 22nd International
               Conference, TPHOLs 2009, Munich, Germany, August 17-20,
               2009. Proceedings},
  booktitle = {TPHOLs},
  publisher = {Springer},
  series    = {Lecture Notes in Computer Science},
  volume    = {5674},
  year      = {2009},
  isbn      = {978-3-642-03358-2},
  ee        = {http://dx.doi.org/10.1007/978-3-642-03359-9},
  bibsource = {DBLP, http://dblp.uni-trier.de}
}

@inproceedings{DBLP:conf/tphol/OwreS08,
  author    = {Sam Owre and
               Natarajan Shankar},
  title     = {A Brief Overview of {PVS}},
  booktitle = {TPHOLs},
  year      = {2008},
  pages     = {22-27},
  ee        = {http://dx.doi.org/10.1007/978-3-540-71067-7_5},
  crossref  = {DBLP:conf/tphol/2008},
  bibsource = {DBLP, http://dblp.uni-trier.de}
}
